<record xmlns="http://www.loc.gov/MARC21/slim" xmlns:xsi="http://www.w3.org/2001/XMLSchema-instance" xsi:schemaLocation="http://www.loc.gov/MARC21/slim http://www.loc.gov/standards/marcxml/schema/MARC21slim.xsd"><leader>     nam a22        4500</leader><controlfield tag="001">3068351</controlfield><controlfield tag="003">NNC</controlfield><controlfield tag="006">m        d        </controlfield><controlfield tag="007">cr cn |||m|||a</controlfield><controlfield tag="008">150601m18921893ua      o     000 0 ara d</controlfield><datafield ind1=" " ind2=" " tag="040"><subfield code="a">NNU</subfield><subfield code="b">eng</subfield><subfield code="e">rda</subfield><subfield code="c">NNU</subfield></datafield><datafield ind1="1" ind2=" " tag="100"><subfield code="6">880-01</subfield><subfield code="a">T&#803;ara&#772;bulusi&#772;, &#699;Ali&#772; ibn Khali&#772;l,</subfield><subfield code="d">-1440 or 1441.</subfield></datafield><datafield ind1="1" ind2="0" tag="240"><subfield code="6">880-02</subfield><subfield code="a">Mu&#699;i&#772;n al-h&#803;ukka&#772;m fi-ma&#772; yataraddadu bayna al-khis&#803;mayn min al-ah&#803;ka&#772;m</subfield></datafield><datafield ind1="1" ind2="0" tag="245"><subfield code="6">880-03</subfield><subfield code="a">Kita&#772;b Mu&#699;i&#772;n al-h&#803;ukka&#772;m fi&#772;ma&#772; yataraddadu bayna al-khis&#803;mayn min al-ah&#803;ka&#772;m, li- &#699;Ala&#772;&#700;-al-Di&#772;n Abi&#772; al-H&#803;asan &#699;Ali&#772; ibn Khali&#772;l al-T&#803;ara&#772;bulusi&#772; al-H&#803;anafi&#772; qa&#772;d&#803;i&#772; al-Quds al-shari&#772;f.</subfield><subfield code="b">Wa-bi-ha&#772;mishihi&#772; Kita&#772;b Lisa&#772;n al-hukka&#772;m fi&#772; ma&#699;rifat al-ah&#803;ka&#772;m,</subfield><subfield code="c">ta&#700;li&#772;f Abi&#772; al-Wali&#772;d Ibra&#772;hi&#772;m ibn Abi&#772; al-aman Muh&#803;ammad ibn Abi&#772; al-Fad&#803;l Muh&#803;ammad ibn Abi&#772; al-Wali&#772;d Muh&#803;ammad ibn A&#803;bi&#772; al-Fad&#803;l Muh&#803;ammad ibn Muh&#803;ammad ibn al-Shih&#803;nah al-H&#803;anafi&#772; (... walam yutimm al-as&#803;la ... thumma inna ba&#699;d&#803; al-afa&#772;d&#803;il min al-&#699;ulama&#772;&#700; kataba takmilatahu&#772; ..., wahuwa Burha&#772;n-al-Di&#772;n Ibra&#772;him al-Kha&#772;lifi&#772; al-&#699;Adawi&#772;).</subfield></datafield><datafield ind1=" " ind2=" " tag="260"><subfield code="6">880-04</subfield><subfield code="a">[Mis&#803;r] :</subfield><subfield code="b">[al-Mat&#803;ba&#699;ah al-Maimani&#772;yah]:</subfield><subfield code="b">[Ah&#803;mad al-Ba&#772;bi&#772; al-H&#803;alabi&#772;],</subfield><subfield code="c">[1310 h., 1892/93 m.]</subfield></datafield><datafield ind1=" " ind2=" " tag="300"><subfield code="a">online resource (4, 245, 2 pages)</subfield></datafield><datafield ind1=" " ind2=" " tag="336"><subfield code="a">text</subfield><subfield code="2">rdacontent</subfield></datafield><datafield ind1=" " ind2=" " tag="337"><subfield code="a">computer</subfield><subfield code="2">rdamedia</subfield></datafield><datafield ind1=" " ind2=" " tag="338"><subfield code="a">online resource</subfield><subfield code="2">rdacarrier</subfield></datafield><datafield ind1=" " ind2=" " tag="500"><subfield code="a">Part of the Arabic Collections Online (ACO) project, contributed by Columbia University Libraries.</subfield></datafield><datafield ind1=" " ind2=" " tag="533"><subfield code="a">Electronic reproduction.</subfield><subfield code="b">New York, N.Y. :</subfield><subfield code="c">New York University,</subfield><subfield code="d">2015.</subfield><subfield code="5">NNU</subfield></datafield><datafield ind1=" " ind2="0" tag="650"><subfield code="a">Judicial process (Islamic law)</subfield></datafield><datafield ind1=" " ind2="0" tag="650"><subfield code="a">Hanafites.</subfield></datafield><datafield ind1=" " ind2="7" tag="650"><subfield code="a">Hanafites.</subfield><subfield code="2">fast</subfield><subfield code="0">(OCoLC)fst00950818</subfield></datafield><datafield ind1=" " ind2="7" tag="650"><subfield code="a">Judicial process (Islamic law)</subfield><subfield code="2">fast</subfield><subfield code="0">(OCoLC)fst00984722</subfield></datafield><datafield ind1="1" ind2=" " tag="700"><subfield code="6">880-05</subfield><subfield code="a">Ibn al-Shih&#803;nah, Muh&#803;ibb al-Di&#772;n Muh&#803;ammad ibn Muh&#803;ammad,</subfield><subfield code="d">1402-1485.</subfield><subfield code="t">Lisa&#772;n al-h&#803;ukka&#772;m fi&#772; ma&#699;rifat al-ah&#803;ka&#772;m.</subfield></datafield><datafield ind1="2" ind2=" " tag="710"><subfield code="a">Columbia University.</subfield><subfield code="b">Libraries.</subfield></datafield><datafield ind1="0" ind2=" " tag="730"><subfield code="a">Arabic Collections Online.</subfield></datafield><datafield ind1="0" ind2="8" tag="776"><subfield code="i">Print version:</subfield><subfield code="a">T&#803;ara&#772;bulusi&#772;, &#699;Ali&#772; ibn Khali&#772;l, -1440 or 1441.</subfield><subfield code="t">Kita&#772;b Mu&#699;i&#772;n al-h&#803;ukka&#772;m fi&#772;ma&#772; yataraddadu bayna al-khis&#803;mayn min al-ah&#803;ka&#772;m, li- &#699;Ala&#772;&#700;-al-Di&#772;n Abi&#772; al-H&#803;asan &#699;Ali&#772; ibn Khali&#772;l al-T&#803;ara&#772;bulusi&#772; al-H&#803;anafi&#772; qa&#772;d&#803;i&#772; al-Quds al-shari&#772;f</subfield><subfield code="w">(NNC)3068351</subfield><subfield code="w">(OCoLC)47807656</subfield></datafield><datafield ind1="4" ind2="0" tag="856"><subfield code="u">http://hdl.handle.net/2333.1/931zctwm</subfield></datafield><datafield ind1="1" ind2=" " tag="880"><subfield code="6">100-01/r</subfield><subfield code="a">&#1591;&#1585;&#1575;&#1576;&#1604;&#1587;&#1610;&#1548; &#1593;&#1604;&#1610; &#1576;&#1606; &#1582;&#1604;&#1610;&#1604;&#1548;</subfield><subfield code="d">-1440 or 1441.</subfield></datafield><datafield ind1="1" ind2="0" tag="880"><subfield code="6">240-02/r</subfield><subfield code="a">&#1605;&#1593;&#1610;&#1606; &#1575;&#1604;&#1581;&#1603;&#1575;&#1605; &#1601;&#1605;&#1575; &#1610;&#1578;&#1585;&#1583;&#1583; &#1576;&#1610;&#1606; &#1575;&#1604;&#1582;&#1589;&#1605;&#1610;&#1606; &#1605;&#1606; &#1575;&#1604;&#1575;&#1581;&#1603;&#1575;&#1605;</subfield></datafield><datafield ind1="1" ind2="0" tag="880"><subfield code="6">245-03/r</subfield><subfield code="a">&#1603;&#1578;&#1575;&#1576; &#1605;&#1593;&#1610;&#1606; &#1575;&#1604;&#1581;&#1603;&#1575;&#1605; &#1601;&#1610;&#1605;&#1575; &#1610;&#1578;&#1585;&#1583;&#1583; &#1576;&#1610;&#1606; &#1575;&#1604;&#1582;&#1589;&#1605;&#1610;&#1606; &#1605;&#1606; &#1575;&#1604;&#1575;&#1581;&#1603;&#1575;&#1605;&#1548; &#1604; &#1593;&#1604;&#1575;&#1569;&#1575;&#1604;&#1583;&#1610;&#1606; &#1575;&#1576;&#1610; &#1575;&#1604;&#1581;&#1587;&#1606; &#1593;&#1604;&#1610; &#1576;&#1606; &#1582;&#1604;&#1610;&#1604; &#1575;&#1604;&#1591;&#1585;&#1575;&#1576;&#1604;&#1587;&#1610; &#1575;&#1604;&#1581;&#1606;&#1601;&#1610; &#1602;&#1575;&#1590;&#1610; &#1575;&#1604;&#1602;&#1583;&#1587; &#1575;&#1604;&#1588;&#1585;&#1610;&#1601;.</subfield><subfield code="b">&#1608;&#1576;&#1607;&#1575;&#1605;&#1588;&#1607;&#1610; &#1603;&#1578;&#1575;&#1576; &#1604;&#1575;&#1606; &#1575;&#1604;&#1607;&#1603;&#1575;&#1605; &#1601;&#1610; &#1605;&#1593;&#1585;&#1601;&#1577; &#1575;&#1604;&#1575;&#1581;&#1603;&#1575;&#1605;&#1548;</subfield><subfield code="c">&#1578;&#1571;&#1604;&#1610;&#1601; &#1575;&#1576;&#1610; &#1575;&#1604;&#1608;&#1604;&#1610;&#1583; &#1575;&#1576;&#1585;&#1575;&#1607;&#1610;&#1605; &#1576;&#1606; &#1575;&#1576;&#1610; &#1575;&#1604;&#1575;&#1605;&#1606; &#1605;&#1581;&#1605;&#1583; &#1576;&#1606; &#1575;&#1576;&#1610; &#1575;&#1604;&#1601;&#1590;&#1604; &#1605;&#1581;&#1605;&#1583; &#1576;&#1606; &#1575;&#1576;&#1610; &#1575;&#1604;&#1608;&#1604;&#1610;&#1583; &#1605;&#1581;&#1605;&#1583; &#1576;&#1606; &#1576;&#1610; &#1575;&#1604;&#1601;&#1590;&#1604; &#1605;&#1581;&#1605;&#1583; &#1576;&#1606; &#1605;&#1581;&#1605;&#1583; &#1576;&#1606; &#1575;&#1604;&#1588;&#1581;&#1606;&#1577; &#1575;&#1604;&#1581;&#1606;&#1601;&#1610; (... &#1608;&#1604;&#1605; &#1610;&#1578;&#1605; &#1575;&#1604;&#1575;&#1589;&#1604; ... &#1579;&#1605; &#1575;&#1606; &#1576;&#1593;&#1590; &#1575;&#1604;&#1575;&#1601;&#1575;&#1590;&#1604; &#1605;&#1606; &#1575;&#1604;&#1593;&#1604;&#1605;&#1575;&#1569; &#1603;&#1578;&#1576; &#1578;&#1603;&#1605;&#1604;&#1578;&#1607;&#1608;&#1575; ...&#1548; &#1608;&#1607;&#1608; &#1576;&#1585;&#1607;&#1575;&#1606;&#1575;&#1604;&#1583;&#1610;&#1606; &#1575;&#1576;&#1585;&#1575;&#1607;&#1605; &#1575;&#1604;&#1582;&#1575;&#1604;&#1610; &#1575;&#1604;&#1593;&#1583;&#1608;&#1610;).</subfield></datafield><datafield ind1=" " ind2=" " tag="880"><subfield code="6">260-04/r</subfield><subfield code="a">[&#1605;&#1589;&#1585;] :</subfield><subfield code="b">[&#1575;&#1604;&#1605;&#1591;&#1576;&#1593;&#1577; &#1575;&#1604;&#1605;&#1605;&#1606;&#1610;&#1577;]:</subfield><subfield code="b">[&#1575;&#1581;&#1605;&#1583; &#1575;&#1604;&#1576;&#1575;&#1576;&#1610; &#1575;&#1604;&#1581;&#1604;&#1576;&#1610;]&#1548;</subfield><subfield code="c">[1310 &#1607;.&#1548; 1892/93 &#1605;.]</subfield></datafield><datafield ind1="1" ind2=" " tag="880"><subfield code="6">700-05/r</subfield><subfield code="a">&#1575;&#1576;&#1606; &#1575;&#1604;&#1588;&#1581;&#1606;&#1577;&#1548; &#1605;&#1581;&#1576; &#1575;&#1604;&#1583;&#1610;&#1606; &#1605;&#1581;&#1605;&#1583; &#1576;&#1606; &#1605;&#1581;&#1605;&#1583;&#1548;</subfield><subfield code="d">1402-1485.</subfield><subfield code="t">&#1604;&#1587;&#1575;&#1606; &#1575;&#1604;&#1581;&#1603;&#1575;&#1605; &#1601;&#1610; &#1605;&#1593;&#1585;&#1601;&#1577; &#1575;&#1604;&#1575;&#1581;&#1603;&#1575;&#1605;.</subfield></datafield><datafield ind1=" " ind2=" " tag="959"><subfield code="a">NNU</subfield><subfield code="b">WEB</subfield><subfield code="c">GENI</subfield><subfield code="t">0</subfield><subfield code="m">Electronic access</subfield><subfield code="s">01</subfield></datafield><datafield ind1=" " ind2=" " tag="999"><subfield code="i">NNC_3068351</subfield><subfield code="o">(OCoLC)ocm47807656</subfield><subfield code="s">columbia_aco000418</subfield><subfield code="e">(ERROR-880)</subfield><subfield code="s">columbia_aco000418</subfield></datafield></record>